@manual{png_spec,
    title={{PNG 1.2 specification document}},
    year={1999},
    urldate={2024-05-16},
    url={http://www.libpng.org/pub/png/spec/1.2/PNG-Introduction.html},
    author={Adler, Mark}
}

@online{zig,
    title={{Zig programming language home page}},
    year={2023},
    urldate={2024-05-16},
    url={https://ziglang.org/}
}

@online{raylib,
    title={{Raylib home page}},
    year={2023},
    urldate={2024-05-16},
    url={https://www.raylib.com/}
}

@manual{system_io_pipelines,
    title={{System.IO.Pipelines documentation}},
    year={2022},
    url={https://learn.microsoft.com/en-us/dotnet/standard/io/pipelines},
    urldate={2024-05-16},
    author={Microsoft}
}

@online{github_developer_pack,
    title={{GitHub developer pack}},
    year={2023},
    urldate={2024-05-16},
    url={https://education.github.com/pack}
}

@online{zls,
    title={{Zig Language Server}},
    year={2023},
    urldate={2024-05-16},
    url={https://github.com/zigtools/zls}
}
 
@manual{zlib_spec,
    title={{ZLIB Compressed Data Format Specification version 3.3}},
    year={1996},
    url={https://datatracker.ietf.org/doc/html/rfc1950},
    urldate={2024-05-16},
    % Separate authors with and
    author={Deutsch, L. Peter and Gailly, Jean-loup},
}

@manual{deflate_spec,
    title={{DEFLATE Compressed Data Format Specification version 1.3}},
    year={1996},
    url={https://www.ietf.org/rfc/rfc1951.txt},
    urldate={2024-05-16},
    author={Deutsch, L. Peter}
}

@online{gzip_impl,
    title={{uzlib}},
    year={2021},
    urldate={2024-05-16},
    url={https://github.com/pfalcon/uzlib}
}

@online{gif_unusable_reason,
    title={{Why There Are No GIF Files on GNU Web Pages}},
    year={1997},
    urldate={2024-05-16},
    url={https://www.gnu.org/philosophy/gif.en.html}
}

@online{deflate_tests,
    author="Google",
    title={Deflate},
    year={2022},
    urldate={2024-05-16},
    url={https://github.com/google/wuffs/blob/3c1df6768179/std/deflate/README.md},
}

@online{raylib_zig,
    title={{Idiomatic Zig bindings for raylib utilizing raylib\_parser}},
    year={2024},
    author={Scherbakow, Michael},
    urldate={2024-05-16},
    url={https://github.com/ryupold/raylib.zig}
}

@article{self,
  author  = {Curmanschii, Anton},
  title   = {Explorarea fișierelor {PNG}},
  journal = "Conferința Studențească, Ediția XXVIII-a, în tipar",
  year    = 2024,
}

@manual{wsl,
    author={Microsoft},
    title="Windows Subsystem for Linux Documentation",
    url={https://learn.microsoft.com/en-us/windows/wsl/},
    year="2022",
    urldate={2024-05-16}
}
